<?xml version="1.0" encoding="UTF-8"?><collection xmlns="http://www.loc.gov/MARC21/slim"><record><leader>00594nam--2200181-i-4500</leader><controlfield tag="001">000031635</controlfield><controlfield tag="002">20161230</controlfield><controlfield tag="005">20161230201038</controlfield><controlfield tag="008">060222s1000------------r-----000-0-eng-d</controlfield><datafield ind1=" " ind2=" " tag="040"><subfield code="a">IFIN-HH</subfield></datafield><datafield ind1=" " ind2=" " tag="080"><subfield code="a">537.6:538.955:538.958:548.7</subfield></datafield><datafield ind1="1" ind2=" " tag="100"><subfield code="a">Rado, T. G</subfield></datafield><datafield ind1="1" ind2="0" tag="245"><subfield code="a">Magnetism. a treatise on modern theory and materials</subfield><subfield code="b">Vol.2a: statistical models, magnetic symetry, hiperfine interactions, and metals</subfield><subfield code="c">G.t. rado; harry suhl (eds.)</subfield></datafield><datafield ind1=" " ind2=" " tag="260"><subfield code="a">New York</subfield><subfield code="b">Academic Press</subfield><subfield code="c">1965</subfield></datafield><datafield ind1=" " ind2=" " tag="300"><subfield code="a">443P</subfield></datafield><datafield ind1="1" ind2=" " tag="700"><subfield code="a">Suhl, Harry</subfield><subfield code="e">Ed</subfield></datafield><datafield ind1=" " ind2=" " tag="852"><subfield code="a">19243</subfield><subfield code="c">537:538</subfield></datafield><datafield ind1=" " ind2=" " tag="CAT"><subfield code="a">Sys</subfield><subfield code="c">20110610</subfield><subfield code="h">134230</subfield></datafield></record></collection>